<collection xmlns="http://www.loc.gov/MARC21/slim"><record><leader>00694nam  2200217   450</leader><controlfield tag="001">406</controlfield><controlfield tag="003">http://montalegre.opacnet.com/OPAC/default.aspx?ContentAreaControl=ShowRegHoldings.ascx&amp;RegNo=16662</controlfield><datafield tag="095" ind1=" " ind2=" "><subfield code="a">PTBN00065698</subfield></datafield><datafield tag="100" ind1=" " ind2=" "><subfield code="a">20061013d1977    m  y0pora0103    ba</subfield></datafield><datafield tag="101" ind1="1" ind2=" "><subfield code="a">por</subfield></datafield><datafield tag="102" ind1=" " ind2=" "><subfield code="a">PT</subfield></datafield><datafield tag="200" ind1="1" ind2=" "><subfield code="a">&lt;O &gt;espião</subfield><subfield code="f">Máximo Gorki</subfield><subfield code="g">trad. Serafim Ferreira</subfield></datafield><datafield tag="205" ind1=" " ind2=" "><subfield code="a">1ª ed</subfield></datafield><datafield tag="210" ind1=" " ind2=" "><subfield code="a">Amadora</subfield><subfield code="c">Fronteira</subfield><subfield code="d">1977</subfield></datafield><datafield tag="215" ind1=" " ind2=" "><subfield code="a">286, [2] p.</subfield><subfield code="d">19 cm</subfield></datafield><datafield tag="225" ind1="2" ind2=" "><subfield code="a">Clássicos da revolução</subfield><subfield code="v">2</subfield></datafield><datafield tag="675" ind1=" " ind2=" "><subfield code="a">821</subfield><subfield code="v">bn</subfield><subfield code="z">por</subfield></datafield><datafield tag="700" ind1=" " ind2="1"><subfield code="a">Gorki</subfield><subfield code="b">Máximo</subfield><subfield code="c">pseud.</subfield><subfield code="f">1868-1936</subfield></datafield><datafield tag="702" ind1=" " ind2="1"><subfield code="a">Ferreira</subfield><subfield code="b">Serafim</subfield><subfield code="f">1939-</subfield><subfield code="4">730</subfield></datafield><datafield tag="801" ind1=" " ind2="0"><subfield code="a">PT</subfield><subfield code="b">Biblioteca Municipal de Montalegre</subfield><subfield code="g">RPC</subfield></datafield><datafield tag="856" ind1=" " ind2=" "><subfield code="u">locateMedia.asp?cod=20060516122443&amp;ext=jpg</subfield><subfield code="z">CAPA</subfield></datafield><datafield tag="909" ind1="&#9;" ind2=" "><subfield code="a">1</subfield></datafield><datafield tag="966" ind1=" " ind2=" "><subfield code="a">0008682</subfield><subfield code="l">BMM</subfield><subfield code="s">SCG 821 GOR esp 2</subfield></datafield></record></collection>